@article{vaquero2008,
  title={A break in the clouds: towards a cloud definition},
  author={Vaquero, Luis M and Rodero-Merino, Luis and Caceres, Juan and Lindner, Maik},
  journal={ACM SIGCOMM Computer Communication Review},
  volume={39},
  number={1},
  pages={50--55},
  year={2008},
  publisher={ACM}
}

@article{mell2011nist,
  title={The NIST Definition of Cloud Computing},
  author={Mell, Peter and Grance, Timothy},
  year={2011}
}

@online{AzurePricing,
  author={Microsoft},
  title={Pricing Calculator | Windows Azure},
  year=2014,
  url={http://www.windowsazure.com/en-us/pricing/calculator/?scenario=virtual-machines},
  urldate={2014-02-10}
}

@book{amies2012,
  title={Developing and Hosting Applications on the Cloud},
  author={Amies, Alex and Sluimen, Harm and Tong, Qiang Guo and Liu, Guo Ning},
  isbn={9780133066845},
  url={http://books.google.co.uk/books?id=PVcSCPEOw68C},
  year={2012},
  publisher={IBM Press/Pearson}
}

@online{azure,
  author={Microsoft},
  title={Windows Azure},
  year=2014,
  url={http://www.microsoft.com/azure},
  urldate={2014-02-11}
}

@online{amazonEC2,
  author={Amazon},
  title={AWS | Amazon Elastic Compute Cloud (EC2) - Scalable Cloud Services},
  year=2014,
  url={http://aws.amazon.com/ec2},
  urldate={2014-02-11}
}

@online{salesforce,
  author={salesforce},
  title={Salesforce CRM},
  year=2014,
  url={http://www.salesforce.com/platform},
  urldate={2014-02-11}
}

@techreport{intelPaaS,
  key={Intel PaaS},
  title={Platform as a Service (PaaS) Drives Cloud Demand},
  month={August},
  year={2013},
  institution={Intel}
}

@article{zhang2010cloud,
  title={Cloud computing: state-of-the-art and research challenges},
  author={Zhang, Qi and Cheng, Lu and Boutaba, Raouf},
  journal={Journal of internet services and applications},
  volume={1},
  number={1},
  pages={7--18},
  year={2010},
  publisher={Springer}
}

@misc{319,
  title={{UCLA} to be First Station in Nationwide Computer Network},
  howpublished={UCLA Press Release},
  author={Kleinrock, L.},
  month={July},
  year={1969},
  comment={}
}

@inproceedings{buyya2008market,
  title={Market-oriented cloud computing: Vision, hype, and reality for delivering it services as computing utilities},
  author={Buyya, Rajkumar and Yeo, Chee Shin and Venugopal, Srikumar},
  booktitle={High Performance Computing and Communications, 2008. HPCC'08. 10th IEEE International Conference on},
  pages={5--13},
  year={2008},
  organization={Ieee}
}